@string{jfm = {J. Fluid Mech.}}
@string{pof = {Phys. Fluids}}
@string{annu = {Annu. Rev. Fluid Mech.}}
@string{jbio = {J. Biomechanics}}
@string{bioeng = {J. Biomech. Eng.}}
@string{flustruct = {J. Fluids Struct.}}
@string{intnumflu = {Int. J. Numer. Meth. Fluids}}
@string{compphys = {J. Comp. Physics}}
@string{compflu = {Comp. Fluids}}
@string{jsv = {J. Sound Vibration}}

@Article{thompson:96,
  author = 	 {Thompson, M. C. and Hourigan, K. and Sheridan, J.},
  title = 	 {Three-dimensional instabilities in the wake of a
                  circular cylinder},
  journal = 	 {Exper. Thermal Fluid Sci.},
  year = 	 {1996},
  volume = 	 {12},
  pages = 	 {190-196}
}

@Article{gresho:87,
  author = 	 {Gresho, P. M. and Sani, R. L.},
  title = 	 {On pressure boundary conditions for the
                  incompressible Navier-Stokes equations},
  journal = 	 intnumflu,
  year = 	 {1987},
  volume = 	 {7},
  pages = 	 {1111-1145}
}

@Book{karniadakis:05,
  author = 	 {Karniadakis, G. E. and Sherwin, S.},
  title = 	 {Spectral/hp element methods for computation fluid dynamics},
  publisher = 	 {Oxford University},
  year = 	 {2005},
  edition = 	 {2}
}

@Article{barkley:96,
  author = 	 {Barkley, D. and Henderson, R. D.},
  title = 	 {Three-dimensional {F}loquet stability analysis of
                  the wake of a circular cylinder},
  journal = 	 jfm,
  year = 	 {1996},
  volume = 	 {322},
  pages = 	 {215-241}
}



@InCollection{tuckerman:00,
  author = 	 {Tuckerman, L. S and Barkley, D.},
  title = 	 {Bifurcation analysis for timesteppers},
  booktitle = 	 {Numerical methods for bifurcation problems and
                  large-scale dynamical systems},
  publisher = {Springer},
  year = 	 {2000},
  volume = 	 {119},
  series = 	 {{IMA} Volumes in Mathematics and its applications},
  pages = 	 {453-466}
}

@Article{leontini:15,
  author = 	 {Leontini, J. S. and Lo Jacono, D. and Thompson, M. C.},
  title = 	 {Stability analysis of the elliptic cylinder wake},
  journal = 	 jfm,
  year = 	 {2015},
  volume = 	 {763},
  pages = 	 {302-321}
}

@Article{bourguet:15,
  author = 	 {Bourguet, R. and Lo Jacono, D.},
  title = 	 {In-line flow-induced vibrations of a rotating cylinder},
  journal = 	 jfm,
  year = 	 {2015},
  volume = 	 {781},
  pages = 	 {127-165}
}

@Article{jauvtis:05,
  author = 	 {Jauvtis, N. and Williamson, C.H.K.},
  title = 	 {The effect of two degrees of freedom on
                  vortex-induced vibration at low mass and damping},
  journal = 	 jfm,
  year = 	 {2005},
  volume = 	 {509},
  pages = 	 {25-62}
}

@Article{horowitz:10,
  author = 	 {Horowitz, M. and Williamson, C.H.K.},
  title = 	 {Vortex-induced vibration of a rising and falling
                  cylinder},
  journal = 	 jfm,
  year = 	 {2010},
  volume = 	 {662},
  pages = 	 {352-383}
}

@Article{parkinson:64,
  author = 	 {Parkinson, G.V. and Smith, J.D.},
  title = 	 {The square prism as an aeroelastic oscillator},
  journal = 	 {Quarterly journal of mechanics and applied
                  mathematics},
  year = 	 {1964},
  volume = 	 {17},
  number = 	 {2},
  pages = 	 {225-239}
}

@Article{zhao:14,
  author = 	 {Zhao, J. and Leontini, J.S. and Lo Jacono, D. and
                  Sheridan, J.},
  title = 	 {Fluid-structure interaction of a square cylinder at
                  different angles of attack},
  journal = 	 jfm,
  year = 	 {2014},
  volume = 	 {747},
  pages = 	 {688-721}
}

@Article{tsui:86,
  author = 	 {Tsui, Y.T.},
  title = 	 {On wake-induced vibration of a conductor in the wake
                  of another via a {3-D} finite element method},
  journal = 	 {Journal of sound and vibration},
  year = 	 {1986},
  volume = 	 {107},
  number = 	 {1},
  pages = 	 {39-58}
}

@Article{assi:10,
  author = 	 {Assi, G.R.S. and Bearman, P.W. and Meneghini, J.R.},
  title = 	 {On the wake-induced vibration of tandem circular
                  cylinders: the vortex interaction excitation
                  mechanism},
  journal = 	 jfm,
  year = 	 {2010},
  volume = 	 {661},
  pages = 	 {365-401}
}

@Article{bayly:88,
  author = 	 {Bayly, B.J.},
  title = 	 {Three-dimensional centrifugal-type instabilities in
                  inviscid two-dimensional flows},
  journal = 	 pof,
  year = 	 {1988},
  volume = 	 {31},
  number = 	 {1},
  pages = 	 {56-64}
}

@Article{yildirim:13,
  author = 	 {Yildirim, I. and Rindt, C.C.M. and van Steenhoven,
                  A.A.},
  title = 	 {Mode {C} flow transition behind a circular cylinder
                  with a near-wake wire disturbance},
  journal = 	 jfm,
  year = 	 {2013},
  volume = 	 {727},
  pages = 	 {30-55}
}

@Article{rao:13b,
  author = 	 {Rao, A. and Leontini, J.S. and Thompson, M.C. and
                  Hourigan, K.},
  title = 	 {Three-dimensionality in the wake of a rapidly
                  rotating cylinder in uniform flow},
  journal = 	 jfm,
  year = 	 {2013},
  volume = 	 {730},
  pages = 	 {379-391}
}

