
@article{boukir1997high,
  title={A high-order characteristics/finite element method for the incompressible Navier-Stokes equations},
  author={Boukir, K. and Maday, Y. and M{\'e}tivet, B. and Razafindrakoto, E.},
  journal={International Journal for Numerical Methods in Fluids},
  volume={25},
  number={12},
  pages={1421--1454},
  year={1997},
  publisher={Chichester; New York: Wiley, c1981-}
}


@article{marquet2008sensitivity,
    title={Amplifier and resonator dynamics of a low-Reynolds-number recirculation bubble in a global framework},
  author={Marquet, O. and Sipp, D. and Chomaz, J.-M. and Jacquin, L.},
  journal={Journal of Fluid Mechanics},
  volume={605},
  pages={429--443},
  year={2008},
  publisher={Cambridge University Press}
}



@article{batchelor1962analysis,
  title={Analysis of the stability of axisymmetric jets},
  author={Batchelor, G.K. and Gill, A. E.},
  journal={Journal of Fluid Mechanics},
  volume={14},
  number={4},
  pages={529--551},
  year={1962},
  publisher={Cambridge University Press}
}


@article{fabre2018stabfem,
  title={A practical review to linear and nonlinear approaches to flow instabilities},
  author={Fabre, D. and Citro, V.},
  year=2018,
  journal = {Appl. Mech. Rev. (submitted)},
  url={"http://github.com/erbafdavid/StabFem/ARTICLE/Article_ASME.pdf"}
  } 

@article{schmid2017wavepackets,
  title={Wavepackets and trapped acoustic modes in a turbulent jet: coherent structure eduction and global stability},
  author={Schmidt, O. T. and Towne, A. and Colonius, T. and Cavalieri, A. VG. and Jordan, P. and Br{\`e}s, G. A.},
  journal={Journal of Fluid Mechanics},
  volume={825},
  pages={1153--1181},
  year={2017},
  publisher={Cambridge University Press}
}


@book{rayleigh1945theory,
  title={The theory of sound},
  author={Rayleigh, J. W. S.},
  year={1945}
}

@inproceedings{howe1979theory,
  title={On the theory of unsteady high Reynolds number flow through a circular aperture},
  author={Howe, M. S.},
  booktitle={Proceedings of the Royal Society of London A: Mathematical, Physical and Engineering Sciences},
  volume={366},
  number={1725},
  pages={205--223},
  year={1979},
  organization={The Royal Society}
}

@article{de1971low,
  title={Low Reynolds number oscillatory flow through a hole in a wall},
  author={De Mestre, N. J. and Guiney, D. C.},
  journal={Journal of Fluid Mechanics},
  volume={47},
  number={4},
  pages={657--666},
  year={1971},
  publisher={Cambridge University Press}
}

@article{canton2017linear,
  title={Linear global stability of two incompressible coaxial jets},
  author={Canton, J. and Auteri, F. and Carini, M.},
  journal={Journal of Fluid Mechanics},
  volume={824},
  pages={886--911},
  year={2017},
  publisher={Cambridge University Press}
}

@article{smith1923orifice,
  title={Orifice flow},
  author={Smith, D. and Walker, W. J.},
  journal={Proceedings of the Institution of Mechanical Engineers},
  volume={104},
  number={1},
  pages={23--36},
  year={1923},
  publisher={SAGE Publications Sage UK: London, England}
}

@article{cummings1983high,
  title={High amplitude acoustic transmission through duct terminations: Theory},
  author={Cummings, A. and Eversman, W.},
  journal={Journal of Sound and Vibration},
  volume={91},
  number={4},
  pages={503--518},
  year={1983},
  publisher={Elsevier}
}

@inproceedings{scarpato2011based,
  title={A LES based sound absorption analysis of high-amplitude waves through an orifice with bias flow},
  author={Scarpato, A. and Ducruix, S. and Schuller, T.},
  booktitle={Proceedings of ASME Turbo Expo},
  pages={06--10},
  year={2011}
}



@article{blevins1984applied,
  title={Applied fluid dynamics handbook},
  author={Blevins, R. D.},
  journal={New York, Van Nostrand Reinhold Co., 1984, 568 p.},
  year={1984}
}

@article{yang2016semi,
  title={A semi-analytical model for the acoustic impedance of finite length circular holes with mean flow},
  author={Yang, D. and Morgans, A. S.},
  journal={Journal of Sound and Vibration},
  volume={384},
  pages={294--311},
  year={2016},
  publisher={Elsevier}
}

@article{yang2017acoustics,
  title={The acoustics of short circular holes opening to confined and unconfined spaces},
  author={Yang, D. and Morgans, A. S.},
  journal={Journal of Sound and Vibration},
  volume={393},
  pages={41--61},
  year={2017},
  publisher={Elsevier}
}

@article{crighton1985kutta,
  title={The Kutta condition in unsteady flow},
  author={Crighton, D. G.},
  journal={Annual Review of Fluid Mechanics},
  volume={17},
  number={1},
  pages={411--445},
  year={1985},
  publisher={Annual Reviews 4139 El Camino Way, PO Box 10139, Palo Alto, CA 94303-0139, USA}
}

@inproceedings{longobardi2017,
  title={Instability of the flow across a circular aperture in a thick plate},
  author={Longobardi, R. and Fabre, D. and Luchini, P.},
  booktitle={Three$-$dimensional instability mechanisms in
transitional and turbulent flows},
  year={2017},
  organization={Euromech}
}

@article{rupp2012use,
  title={The use of perforated damping liners in aero gas turbine combustion systems},
  author={Rupp, J. and Carrotte, J. and Macquisten, M.},
  journal={Journal of engineering for gas turbines and power},
  volume={134},
  number={7},
  pages={071502},
  year={2012},
  publisher={American Society of Mechanical Engineers}
}

@article{eldredge2007numerical,
  title={Numerical investigation of the acoustic behavior of a multi-perforated liner},
  author={Eldredge, J. D. and Bodony, D. J. and Shoeybi, M.},
  journal={Am. Inst. Aeron. Astron},
  number={2007-3683},
  year={2007}
}

@article{su2015measurements,
  title={Measurements and computational fluid dynamics predictions of the acoustic impedance of orifices},
  author={Su, J. and Rupp, J. and Garmory, A. and Carrotte, J. F.},
  journal={Journal of Sound and Vibration},
  volume={352},
  pages={174--191},
  year={2015},
  publisher={Elsevier}
}

@article{jing2000effect,
  title={Effect of plate thickness on impedance of perforated plates with bias flow},
  author={Jing, X. and Sun, X.},
  journal={AIAA journal},
  volume={38},
  number={9},
  pages={1573--1578},
  year={2000},
  publisher={AMERICAN INST OF AERONAUTICS AND ASTRONAUTICS}
}

@article{howe1997influence,
  title={Influence of wall thickness on Rayleigh conductivity and flow-induced aperture tones},
  author={Howe, M. S.},
  journal={Journal of fluids and structures},
  volume={11},
  number={4},
  pages={351--366},
  year={1997},
  publisher={Elsevier}
}

@article{hughes1990absorption,
  title={The absorption of sound by perforated linings},
  author={Hughes, I. J. and Dowling, A. P.},
  journal={Journal of Fluid Mechanics},
  volume={218},
  pages={299--335},
  year={1990},
  publisher={Cambridge University Press}
}

@article{scarpato2012modeling,
  title={Modeling the damping properties of perforated screens traversed by a bias flow and backed by a cavity at low Strouhal number},
  author={Scarpato, A. and Tran, N. and Ducruix, S. and Schuller, T.},
  journal={Journal of Sound and Vibration},
  volume={331},
  number={2},
  pages={276--290},
  year={2012},
  publisher={Elsevier}
}

@phdthesis{scarpato2014linear,
  title={Linear and nonlinear analysis of the acoustic response of perforated plates traversed by a bias flow},
  author={Scarpato, A.},
  year={2014},
  school={{\'E}cole Centrale Paris}
}

@inproceedings{dai2010plate,
  title={Plate thickness effect on orifice impedance with nonlinear acoustic/grazing flow interaction},
  author={Dai, X. and Jing, X. and Sun, X.},
  booktitle={Proceedings of the 16th AIAA/CEAS Aeroacoustics Conference, AIAA Paper 2010},
  volume={3768},
  year={2010}
}

@article{jing2000discrete,
  title={Discrete Vortex Simulation on the Acoustic Nonlinearity of an Orifice},
  author={Jing, X. and Sun, X.},
  journal={AIAA journal},
  volume={38},
  number={9},
  year={2000}
}

@article{jing2002sound,
  title={Sound-excited flow and acoustic nonlinearity at an orifice},
  author={Jing, X. and Sun, X.},
  journal={Physics of Fluids},
  volume={14},
  number={1},
  pages={268--276},
  year={2002},
  publisher={AIP}
}

@inproceedings{fabrea2014application,
  title={Application of global stability approaches to whistling jets and wind instruments},
  author={Fabre, D. and Bonnefis, P. and Charru, F. and Russo, S. and Citro, V. and Giannetti, F. and Luchini, P.},
  booktitle={Proc. ISMA},
  year={2014}
}

@article{lichtarowicz1965discharge,
  title={Discharge coefficients for incompressible non-cavitating flow through long orifices},
  author={Lichtarowicz, A. and Duggins, R. K. and Markland, E.},
  journal={Journal of Mechanical Engineering Science},
  volume={7},
  number={2},
  pages={210--219},
  year={1965},
  publisher={SAGE Publications Sage UK: London, England}
}

@article{bellucci2004use,
  title={On the use of Helmholtz resonators for damping acoustic pulsations in industrial gas turbines},
  author={Bellucci, V. and Flohr, P. and Paschereit, C. O. and Magni, F.},
  journal={Journal of engineering for gas turbines and power},
  volume={126},
  number={2},
  pages={271--275},
  year={2004},
  publisher={American Society of Mechanical Engineers}
}



@article {MR3043640,
    AUTHOR = {Hecht, F.}, TITLE = {New development in FreeFem++},
   JOURNAL = {J. Numer. Math.},  FJOURNAL = {Journal of Numerical Mathematics},
    VOLUME = {20}, YEAR = {2012},
    NUMBER = {3-4}, PAGES = {251--265},
      ISSN = {1570-2820}, MRCLASS = {65Y15}, MRNUMBER = {3043640},
}

@article{davis1997unsymmetric,
  title={An unsymmetric-pattern multifrontal method for sparse LU factorization},
  author={Davis, T. A and Duff, I. S.},
  journal={SIAM Journal on Matrix Analysis and Applications},
  volume={18},
  number={1},
  pages={140--158},
  year={1997},
  publisher={SIAM}
}

@article{sipp2007global,
  title={Global stability of base and mean flows: a general approach and its applications to cylinder and open cavity flows},
  author={Sipp, D. and Lebedev, A.},
  journal={Journal of Fluid Mechanics},
  volume={593},
  pages={333--358},
  year={2007},
  publisher={Cambridge University Press}
}

@article{mendez2009acoustic,
  title={Acoustic modeling of perforated plates with bias flow for large-eddy simulations},
  author={Mendez, S. and Eldredge, J. D.},
  journal={Journal of Computational Physics},
  volume={228},
  number={13},
  pages={4757--4772},
  year={2009},
  publisher={Elsevier}
}

@article{tournadre2016determination,
  title={Determination of acoustic impedance for Helmholtz resonators through incompressible unsteady flow simulations},
  author={Tournadre, J. and F{\"o}rner, K. and Polifke, W. and Mart{\'\i}nez-Lera, P. and Desmet, W.},
  journal={AIAA Journal},
  year={2016},
  publisher={American Institute of Aeronautics and Astronautics}
}

@article{jallas2017linear,
  title={Linear and nonlinear perturbation analysis of the symmetry breaking in time-periodic propulsive wakes},
  author={Jallas, D. and Marquet, O. and Fabre, D.},
  journal={Physical Review E},
  volume={95},
  number={6},
  pages={063111},
  year={2017},
  publisher={APS}
}

@article{garnaud2013preferred,
  title={The preferred mode of incompressible jets: linear frequency response analysis},
  author={Garnaud, X. and Lesshafft, L. and Schmid, P. J. and Huerre, P.},
  journal={Journal of Fluid Mechanics},
  volume={716},
  pages={189--202},
  year={2013},
  publisher={Cambridge University Press}
}

@article{berenger1994perfectly,
  title={A perfectly matched layer for the absorption of electromagnetic waves},
  author={Berenger, J. P.},
  journal={Journal of computational physics},
  volume={114},
  number={2},
  pages={185--200},
  year={1994},
  publisher={Elsevier}
}

@article{barkley2006linear,
  title={Linear analysis of the cylinder wake mean flow},
  author={Barkley, D.},
  journal={EPL (Europhysics Letters)},
  volume={75},
  number={5},
  pages={750},
  year={2006},
  publisher={IOP Publishing}
}

@inproceedings{kiya1996vortical,
  title={Vortical structure in forced unsteady circular jet: simulation by 3D vortex method},
  author={Kiya, M. and Ido, Y. and Akiyama, H.},
  booktitle={ESAIM: Proceedings},
  volume={1},
  pages={503--520},
  year={1996},
  organization={EDP Sciences}
}

@book{charru2011hydrodynamic,
  title={Hydrodynamic instabilities},
  author={Charru, F.},
  volume={37},
  year={2011},
  publisher={Cambridge University Press}
}

@book{drazin2004hydrodynamic,
  title={Hydrodynamic stability},
  author={Drazin, P. G. and Reid, W. H.},
  year={2004},
  publisher={Cambridge university press}
}

@article{colonius2004modeling,
  title={Modeling artificial boundary conditions for compressible flow},
  author={Colonius, T.},
  journal={Annu. Rev. Fluid Mech.},
  volume={36},
  pages={315--345},
  year={2004},
  publisher={Annual Reviews}
}

@book{bender2013advanced,
  title={Advanced mathematical methods for scientists and engineers I: Asymptotic methods and perturbation theory},
  author={Bender, C. M. and Orszag, S. A.},
  year={2013},
  publisher={Springer Science \& Business Media}
}

@article{abid1993linear,
  title={Linear hydrodynamic instability of circular jets with thin shear layers},
  author={Abid, M. and Brachet, M. and Huerre, P.},
  journal={EUROPEAN JOURNAL OF MECHANICS SERIES B FLUIDS},
  volume={12},
  pages={683--683},
  year={1993},
  publisher={GAUTHIER-VILLARS}
}

@article{henrywood2013aeroacoustics,
  title={The aeroacoustics of a steam kettle},
  author={Henrywood, R.H. and Agarwal, A.},
  journal={Physics of fluids},
  volume={25},
  number={10},
  pages={107101},
  year={2013},
  publisher={AIP}
}

@article{lee2007model,
  title={A model of acoustic impedance of perforated plates with bias flow considering the interaction effect},
  author={Lee, S.-H. and Ih, J.-G. and Peat, K. S.},
  journal={Journal of Sound and Vibration},
  volume={303},
  number={3},
  pages={741--752},
  year={2007},
  publisher={Elsevier}
}

@article{shaabani2017time,
  title={Time-delayed feedback technique for suppressing instabilities in time-periodic flow},
  author={Shaabani-Ardali, L. and Sipp, D. and Lesshafft, L.},
  journal={Physical Review Fluids},
  volume={2},
  number={11},
  pages={113904},
  year={2017},
  publisher={APS}
}

@article{fabre2018,
  title={The acoustic impedance of a laminar viscous jet through a thin circular aperture},
  author={Fabre, D. and Longobardi, R. and Bonnefis, P. and Luchini, P.},
  journal={Journal of Fluid Mechanics, Under review},
  year={2018}
 }


@article{kierkegaard2012simulations,
  title={Simulations of whistling and the whistling potentiality of an in-duct orifice with linear aeroacoustics},
  author={Kierkegaard, Axel and Allam, Sabry and Efraimsson, Gunilla and {\AA}bom, Mats},
  journal={Journal of Sound and Vibration},
  volume={331},
  number={5},
  pages={1084--1096},
  year={2012},
  publisher={Elsevier}
}
